<?xml version="1.0" encoding="UTF-8"?><record xmlns="http://www.loc.gov/MARC21/slim" xmlns:cinclude="http://apache.org/cocoon/include/1.0" xmlns:zs="http://www.loc.gov/zing/srw/">
  <leader>00809nz  a2200205n  4500</leader>
  <controlfield tag="001">nb2013010421</controlfield>
  <controlfield tag="003">DLC</controlfield>
  <controlfield tag="005">20130524075106.0</controlfield>
  <controlfield tag="008">130522n| azannaabn          |a ana      </controlfield>
  <datafield tag="010" ind1=" " ind2=" ">
    <subfield code="a">nb2013010421</subfield>
  </datafield>
  <datafield tag="035" ind1=" " ind2=" ">
    <subfield code="a">(Uk)008754957</subfield>
  </datafield>
  <datafield tag="040" ind1=" " ind2=" ">
    <subfield code="a">Uk</subfield>
    <subfield code="b">eng</subfield>
    <subfield code="e">rda</subfield>
    <subfield code="c">Uk</subfield>
  </datafield>
  <datafield tag="046" ind1=" " ind2=" ">
    <subfield code="s">2006</subfield>
    <subfield code="t">2006</subfield>
  </datafield>
  <datafield tag="111" ind1="2" ind2=" ">
    <subfield code="a">LCPC (Workshop)</subfield>
    <subfield code="n">(19th :</subfield>
    <subfield code="d">2006 :</subfield>
    <subfield code="c">New Orleans, La.)</subfield>
  </datafield>
  <datafield tag="368" ind1=" " ind2=" ">
    <subfield code="a">Congresses and conventions</subfield>
    <subfield code="2">lcsh</subfield>
  </datafield>
  <datafield tag="370" ind1=" " ind2=" ">
    <subfield code="e">New Orleans, La.</subfield>
  </datafield>
  <datafield tag="372" ind1=" " ind2=" ">
    <subfield code="a">Parallel processing (Electronic computers)</subfield>
    <subfield code="a">Programming languages (Electronic computers)</subfield>
    <subfield code="2">lcsh</subfield>
  </datafield>
  <datafield tag="377" ind1=" " ind2=" ">
    <subfield code="a">eng</subfield>
  </datafield>
  <datafield tag="411" ind1="2" ind2=" ">
    <subfield code="w">nne</subfield>
    <subfield code="a">Workshop on Languages and Compilers for High Performance Computing</subfield>
    <subfield code="n">(19th :</subfield>
    <subfield code="d">2006 :</subfield>
    <subfield code="c">New Orleans, La.)</subfield>
  </datafield>
  <datafield tag="670" ind1=" " ind2=" ">
    <subfield code="a">Languages and compilers for parallel computing, c2007:</subfield>
    <subfield code="b">t.p. (19th International Workshop, LCPC 2006, New Orleans, La.)</subfield>
  </datafield>
</record>